<?xml version="1.0" encoding="utf-8"?>
<record xmlns="http://www.loc.gov/MARC21/slim" xmlns:xsi="http://www.w3.org/2001/XMLSchema-instance" xsi:schemaLocation="http://www.loc.gov/MARC21/slim http://www.loc.gov/standards/marcxml/schema/MARC21slim.xsd">
	<leader>     nam a22        4500</leader>
	<controlfield tag="001">3087679</controlfield>
	<controlfield tag="003">NNC</controlfield>
	<controlfield tag="006">m        d        </controlfield>
	<controlfield tag="007">cr cn |||m|||a</controlfield>
	<controlfield tag="008">160519m19251927ua      o     000 0 ara d</controlfield>
	<datafield ind1=" " ind2=" " tag="040">
		<subfield code="a">NNU</subfield>
		<subfield code="b">eng</subfield>
		<subfield code="e">rda</subfield>
		<subfield code="c">NNU</subfield>
	</datafield>
	<datafield ind1="1" ind2=" " tag="100">
		<subfield code="6">880-01</subfield>
		<subfield code="a">Qarāfī, Aḥmad ibn Idrīs,</subfield>
		<subfield code="d">-1285.</subfield>
	</datafield>
	<datafield ind1="1" ind2="3" tag="245">
		<subfield code="6">880-02</subfield>
		<subfield code="a">al-Furūq /</subfield>
		<subfield code="c">li-Shihāb al-Dīn Abī al-ʻAbbās Aḥmad ibn Idrīs bin ʻAbd al-Raḥṃan al-Ṣinhājī al-mashhūr bi-al-Qarāfī. Wa-bi-hāmishihi al-Kitābayn Tahdhīb al Furūq wa-al-Qawāʻid al-Sanīyah fī al-asrār al-fiqhiyah.</subfield>
	</datafield>
	<datafield ind1=" " ind2=" " tag="260">
		<subfield code="6">880-03</subfield>
		<subfield code="a">[Miṣr]</subfield>
		<subfield code="b">Maṭbaʻat Dār Iḥyāʼ al-Kutub al-ʻArabīyah,</subfield>
		<subfield code="c">1344-46 [1925-27]</subfield>
	</datafield>
	<datafield ind1=" " ind2=" " tag="300">
		<subfield code="a">online resource (4 volumes)</subfield>
	</datafield>
	<datafield ind1=" " ind2=" " tag="336">
		<subfield code="a">text</subfield>
		<subfield code="2">rdacontent</subfield>
	</datafield>
	<datafield ind1=" " ind2=" " tag="337">
		<subfield code="a">computer</subfield>
		<subfield code="2">rdamedia</subfield>
	</datafield>
	<datafield ind1=" " ind2=" " tag="338">
		<subfield code="a">online resource</subfield>
		<subfield code="2">rdacarrier</subfield>
	</datafield>
	<datafield ind1=" " ind2=" " tag="500">
		<subfield code="a">Part of the Arabic Collections Online (ACO) project, contributed by Columbia University Libraries.</subfield>
	</datafield>
	<datafield ind1=" " ind2=" " tag="533">
		<subfield code="a">Electronic reproduction.</subfield>
		<subfield code="b">New York, N.Y. :</subfield>
		<subfield code="c">New York University,</subfield>
		<subfield code="d">2016.</subfield>
		<subfield code="5">NNU</subfield>
	</datafield>
	<datafield ind1=" " ind2="0" tag="650">
		<subfield code="a">Islamic law</subfield>
		<subfield code="v">Early works to 1800.</subfield>
	</datafield>
	<datafield ind1=" " ind2="0" tag="650">
		<subfield code="a">Malikites</subfield>
		<subfield code="v">Early works to 1800.</subfield>
	</datafield>
	<datafield ind1=" " ind2="7" tag="650">
		<subfield code="a">Islamic law.</subfield>
		<subfield code="2">fast</subfield>
		<subfield code="0">(OCoLC)fst00979949</subfield>
	</datafield>
	<datafield ind1=" " ind2="7" tag="650">
		<subfield code="a">Malikites.</subfield>
		<subfield code="2">fast</subfield>
		<subfield code="0">(OCoLC)fst01006724</subfield>
	</datafield>
	<datafield ind1=" " ind2="7" tag="655">
		<subfield code="a">Early works.</subfield>
		<subfield code="2">fast</subfield>
		<subfield code="0">(OCoLC)fst01411636</subfield>
	</datafield>
	<datafield ind1="1" ind2=" " tag="700">
		<subfield code="6">880-04</subfield>
		<subfield code="a">Ibn al-Shāṭṭ, Qāsim ibn ʻAbd Allāh,</subfield>
		<subfield code="d">1245 or 1246-1323.</subfield>
		<subfield code="t">Idrār al-shurūq ʻalʹa anwāʼ al-Furūq. </subfield>
	</datafield>
	<datafield ind1="2" ind2=" " tag="710">
		<subfield code="a">Columbia University.</subfield>
		<subfield code="b">Libraries.</subfield>
	</datafield>
	<datafield ind1="0" ind2=" " tag="730">
		<subfield code="a">Arabic Collections Online.</subfield>
	</datafield>
	<datafield ind1="0" ind2="8" tag="776">
		<subfield code="i">Print version:</subfield>
		<subfield code="a">Qarāfī, Aḥmad ibn Idrīs, -1285.</subfield>
		<subfield code="t">al-Furūq</subfield>
		<subfield code="w">(NNC)3087679</subfield>
		<subfield code="w">(OCoLC)47978182</subfield>
	</datafield>
	<datafield ind1="4" ind2="0" tag="856">
		<subfield code="u">http://hdl.handle.net/2333.1/f4qrfnbh</subfield>
	</datafield>
	<datafield ind1="1" ind2=" " tag="880">
		<subfield code="6">100-01/r</subfield>
		<subfield code="a">قرافي، احمد بن ادريس،</subfield>
		<subfield code="d">1285.</subfield>
	</datafield>
	<datafield ind1="1" ind2="2" tag="880">
		<subfield code="6">245-02/r</subfield>
		<subfield code="a">الفروق /</subfield>
		<subfield code="c">لشهاب الدين ابي العباس احمد بن ادريس بن عبد الرحمن الصنهاجي المشهور بالقرافي. وبهامش الكتابين تهذيب الفروق والقواعد السنية في الاسرار الفقهية.</subfield>
	</datafield>
	<datafield ind1=" " ind2=" " tag="880">
		<subfield code="6">260-03/r</subfield>
		<subfield code="a">[مصر]</subfield>
		<subfield code="b">مطبعة دار احياء الكتب العربية،</subfield>
		<subfield code="c">1344-46 [1925-27]</subfield>
	</datafield>
	<datafield ind1="1" ind2=" " tag="880">
		<subfield code="6">700-04/r</subfield>
		<subfield code="a">ابن الشاط، قاسم بن عبد الله،</subfield>
		<subfield code="d">1245 or 1246-1323..</subfield>
		<subfield code="t">ادرار الشروق عل انواء الفروق. </subfield>
	</datafield>
	<datafield ind1=" " ind2=" " tag="959">
		<subfield code="a">NNU</subfield>
		<subfield code="b">WEB</subfield>
		<subfield code="c">GENI</subfield>
		<subfield code="t">0</subfield>
		<subfield code="m">Electronic access</subfield>
		<subfield code="s">01</subfield>
	</datafield>
	<datafield ind1=" " ind2=" " tag="999">
		<subfield code="i">NNC_3087679</subfield>
		<subfield code="o">(OCoLC)ocm47978182</subfield>
		<subfield code="s">columbia_aco001579:v.1</subfield>
		<subfield code="s">columbia_aco001580:v.2</subfield>
		<subfield code="s">columbia_aco001581:v.3</subfield>
		<subfield code="s">columbia_aco001582:v.4</subfield>
		<subfield code="e">(ERROR-880)</subfield>
		<subfield code="s">columbia_aco001579:v.1</subfield>
		<subfield code="s">columbia_aco001580:v.2</subfield>
		<subfield code="s">columbia_aco001581:v.3</subfield>
		<subfield code="s">columbia_aco001582:v.4</subfield>
	</datafield>
</record>
